% TODO: overal zorgen dat er een URL bijstaat

@inbook{recsys_handbook,
author = {Ricci, Francesco and Rokach, Lior and Shapira, Bracha},
year = {2010},
month = {10},
pages = {1-35},
title = {Recommender Systems Handbook},
volume = {1-35},
journal = {Recommender Systems Handbook},
doi = {10.1007/978-0-387-85820-3_1},
publisher = {Springer Link}
}

@misc{Yelp_Dataset,
title={Yelp Open Dataset},
url={https://www.yelp.com/dataset},
journal={Yelp Dataset}
}

@misc{Yelp_Dataset_eng_summary,
title={Yelp Open Dataset},
url={https://www.yelp.com/dataset},
journal={Yelp Dataset},
keywords = {eng_summary}
}

@InProceedings{overzicht_technieken,
author="Raval, Aanal
and Borisagar, Komal",
editor="Kalinathan, Lekshmi
and R., Priyadharsini
and Kanmani, Madheswari
and S., Manisha",
title="A Survey on Techniques and Methods of Recommender System",
booktitle="Computational Intelligence in Data Science",
year="2022",
publisher="Springer International Publishing",
address="Cham",
pages="97--114",
abstract="As prevalence is growing for social media, the value of its content is becoming paramounting. This data can reveal about a person's personal and professional life. The behaviors done on social media either frequent or periodic can comprehend fondness and attentiveness of users on certain matters. But accompanying it, diverse data from multiple sources with high volumes sets its foot in. Here becomes operational the usage of recommender systems. These are capable of providing customized assistance to users based on respective quondam behavior and preferences. Machine Learning and deep learning methods have proven to be a boon in these tasks of predictions with notable accuracy. This paper discusses existing techniques with its fors and againsts, concerns and issues, extrapolating the results and solutions, which in turn can help in better interpretation of current developments to pave a path for pioneering researches.",
isbn="978-3-031-16364-7"
}

@inproceedings{deepconn,
  title={Joint deep modeling of users and items using reviews for recommendation},
  author={Zheng, Lei and Noroozi, Vahid and Yu, Philip S},
  booktitle={Proceedings of the tenth ACM international conference on web search and data mining},
  pages={425--434},
  year={2017}
}

@inproceedings{wide_and_deep_implementation_yelp,
  title={Yelp Recommendation System},
  author={Nishu, Kumari and Chander Gulla, Mohit and Patodia, Neelam},
  year={2019},
  month={12}
}

@inproceedings{deepconn_eng_summary,
  title={Joint deep modeling of users and items using reviews for recommendation},
  author={Zheng, Lei and Noroozi, Vahid and Yu, Philip S},
  booktitle={Proceedings of the tenth ACM international conference on web search and data mining},
  pages={425--434},
  year={2017},
  keywords = {eng_summary}
}

@inproceedings{dnn_youtube,
  title={Deep neural networks for youtube recommendations},
  author={Covington, Paul and Adams, Jay and Sargin, Emre},
  booktitle={Proceedings of the 10th ACM conference on recommender systems},
  pages={191--198},
  year={2016}
}

@inproceedings{narre,
  title={Neural attentional rating regression with review-level explanations},
  author={Chen, Chong and Zhang, Min and Liu, Yiqun and Ma, Shaoping},
  booktitle={Proceedings of the 2018 World Wide Web Conference},
  pages={1583--1592},
  year={2018}
}



@article{recsys_ml,
  title={The use of machine learning algorithms in recommender systems: A systematic review},
  author={Portugal, Ivens and Alencar, Paulo and Cowan, Donald},
  journal={Expert Systems with Applications},
  volume={97},
  pages={205--227},
  year={2018},
  publisher={Elsevier}
}

@inproceedings{cold_start_problem,
  title={Addressing cold-start problem in recommendation systems},
  author={Lam, Xuan Nhat and Vu, Thuc and Le, Trong Duc and Duong, Anh Duc},
  booktitle={Proceedings of the 2nd international conference on Ubiquitous information management and communication},
  pages={208--211},
  year={2008}
}


@article{netflix_hybrid,
author = {Töscher, Andreas and Jahrer, Michael},
year = {2009},
month = {01},
pages = {},
title = {The BigChaos Solution to the Netflix Grand Prize}
}

@article{bert,
  author    = {Jacob Devlin and
               Ming{-}Wei Chang and
               Kenton Lee and
               Kristina Toutanova},
  title     = {{BERT:} Pre-training of Deep Bidirectional Transformers for Language
               Understanding},
  journal   = {CoRR},
  volume    = {abs/1810.04805},
  year      = {2018},
  url       = {http://arxiv.org/abs/1810.04805},
  eprinttype = {arXiv},
  eprint    = {1810.04805},
  timestamp = {Tue, 30 Oct 2018 20:39:56 +0100},
  biburl    = {https://dblp.org/rec/journals/corr/abs-1810-04805.bib},
  bibsource = {dblp computer science bibliography, https://dblp.org}
}


@inproceedings{d2v,
  title={Deep learning-based classification of news texts using doc2vec model},
  author={Dogru, Hasibe Busra and Tilki, Sahra and Jamil, Akhtar and Hameed, Alaa Ali},
  booktitle={2021 1st International Conference on Artificial Intelligence and Data Analytics (CAIDA)},
  pages={91--96},
  year={2021},
  organization={IEEE}
}

@article{tiktokalgorithm,
    title={Addictive by Design: How TikTok Keeps You Hooked},
    author={Britt Dzioba},
    url = {https://digitaltattoo.ubc.ca/2021/11/19/addictive-by-design-how-tiktok-keeps-you-hooked/},
    year={2021}    
}

% TODO: hoe doe ik deze?
@book{cursus_hs2, title={TAXONOMY AND ALGORITHM OVERVIEW}, publisher={Universiteit Gent}, author={De Pessemier, Toon and Martens, Luc}}
@book{cursus_hs8, title={USER-BASED COLLABORATIVE FILTERING}, publisher={Universiteit Gent}, author={De Pessemier, Toon and Martens, Luc}}
@book{cursus_hs9, title={ITEM-BASED COLLABORATIVE FILTERING}, publisher={Universiteit Gent}, author={De Pessemier, Toon and Martens, Luc}}
@book{cursus_hs11, title={HYBRID RECOMMENDERS}, publisher={Universiteit Gent}, author={De Pessemier, Toon and Martens, Luc}}
@book{cursus_ML_unsupervised,
    title={Machine Learning Unsupervised Learning: clustering},
    publisher={Universiteit Gent},
    author={Saeys, Yvan}
}
@book{cursus_ML_supervised,
    title={Machine Learning Supervised Learning},
    publisher={Universiteit Gent},
    author={Saeys, Yvan}
}

@book{cursus_ML_supervised_eng_summary,
    title={Machine Learning Supervised Learning},
    publisher={Universiteit Gent},
    author={Saeys, Yvan},
    keywords = {eng_summary}
}

@article{anchoring_effect,
  title={Anchoring effect},
  author={Bahník, Štěpán and Mussweiler, Thomas and Strack, Fritz},
  year={2021},
  publisher={PsyArXiv},
  url = {https://psyarxiv.com/h2wfu/download?format=pdf}
}

@article{tripadvisor_algorithm,
    url = {https://www.tripadvisor.ca/business/insights/hotels/resources/tripadvisor-popularity-ranking},
    title = {Everything You Need to Know About the Tripadvisor Popularity Ranking},
    year = {2018},
    author = {Tripadvisor}
}

@inproceedings{recsys_bad,
  title={Measuring anti-relevance: a study on when recommendation algorithms produce bad suggestions},
  author={Sánchez, Pablo and Bellogín, Alejandro},
  booktitle={Proceedings of the 12th ACM Conference on Recommender Systems},
  pages={367--371},
  year={2018}
}

@article{recsys_youtube_bad,
    title = {Does This Button Work? Investigating YouTube's ineffective user controls},
    author = {Mozilla Foundation},
    year = {2022},
    url = {https://foundation.mozilla.org/en/research/library/user-controls/report/}
}

@article{paradox_choice,
  title={Doing better but feeling worse: The paradox of choice},
  author={Schwartz, Barry and Ward, Andrew},
  journal={Positive psychology in practice},
  pages={86--104},
  year={2004},
  publisher={Wiley Online Library}
}

@article{rise_of_recsys_in_ecommerce,
author = {Maes, Pattie and Guttman, Robert H. and Moukas, Alexandros G.},
title = {Agents That Buy and Sell},
year = {1999},
issue_date = {March 1999},
publisher = {Association for Computing Machinery},
address = {New York, NY, USA},
volume = {42},
number = {3},
issn = {0001-0782},
url = {https://doi.org/10.1145/295685.295716},
doi = {10.1145/295685.295716},
journal = {Commun. ACM},
month = {3},
pages = {81–ff.},
numpages = {11}
}

@article{UUCF_original_paper,
author = {Goldberg, David and Nichols, David and Oki, Brian M. and Terry, Douglas},
title = {Using Collaborative Filtering to Weave an Information Tapestry},
year = {1992},
issue_date = {Dec. 1992},
publisher = {Association for Computing Machinery},
address = {New York, NY, USA},
volume = {35},
number = {12},
issn = {0001-0782},
url = {https://doi.org/10.1145/138859.138867},
doi = {10.1145/138859.138867},
journal = {Commun. ACM},
month = {12},
pages = {61–70},
numpages = {10},
keywords = {tapestry, information filtering}
}

@inproceedings{IICF_original_paper,
  title={Item-based collaborative filtering recommendation algorithms},
  author={Sarwar, Badrul and Karypis, George and Konstan, Joseph and Riedl, John},
  booktitle={Proceedings of the 10th international conference on World Wide Web},
  pages={285--295},
  year={2001},
  url = {https://dl.acm.org/doi/pdf/10.1145/371920.372071}
}

@article{UUCF_alternative_implementations,
author = {Bellogín, Alejandro and Castells, Pablo and Cantador, Iván},
title = {Neighbor Selection and Weighting in User-Based Collaborative Filtering: A Performance Prediction Approach},
year = {2014},
issue_date = {March 2014},
publisher = {Association for Computing Machinery},
address = {New York, NY, USA},
volume = {8},
number = {2},
issn = {1559-1131},
url = {https://doi.org/10.1145/2579993},
doi = {10.1145/2579993},
journal = {ACM Trans. Web},
month = {3},
articleno = {12},
numpages = {30},
keywords = {neighbor weighting, trust, Recommender systems, performance prediction, user-based collaborative filtering, neighbor selection}
}

@article{CF_significance_weighting,
  title={Collaborative filtering based on significances},
  author={Bobadilla, Jes{\'u}s and Hernando, Antonio and Ortega, Fernando and Guti{\'e}rrez, Abraham},
  journal={Information Sciences},
  volume={185},
  number={1},
  pages={1--17},
  year={2012},
  publisher={Elsevier}
}

@article{recsys_ml_popularity,
    title = {Research Trend for Recommender System Machine Learning},
    url = {https://exaly.com/trends/Google-Scholar?q=recommender+system+machine+learning&from=&to=},
    author = {Exaly},
    year = {2021}
}

@article{NLP_popularity,
    title = {Research Trend for Natural Language Processing},
    url = {https://exaly.com/trends/NLP/?q=Natural+Language+Processing&from=&to=},
    author = {Exaly},
    year = {2021}
}

@article{recsys_afbeeldingen_social_network,
  title={Social and content hybrid image recommender system for mobile social networks},
  author={Sanchez, Faustino and Barrilero, Marta and Uribe, Silvia and Alvarez, Federico and Tena, Agustin and Menendez, Jose Manuel},
  journal={Mobile Networks and Applications},
  volume={17},
  number={6},
  pages={782--795},
  year={2012},
  publisher={Springer}
}

@misc{wide_deep_learning_paper,
      title={Wide \& Deep Learning for Recommender Systems}, 
      author={Heng-Tze Cheng and Levent Koc and Jeremiah Harmsen and Tal Shaked and Tushar Chandra and Hrishi Aradhye and Glen Anderson and Greg Corrado and Wei Chai and Mustafa Ispir and Rohan Anil and Zakaria Haque and Lichan Hong and Vihan Jain and Xiaobing Liu and Hemal Shah},
      year={2016},
      eprint={1606.07792},
      archivePrefix={arXiv},
      primaryClass={cs.LG}
}

@misc{wide_deep_learning_paper_eng_summary,
      title={Wide \& Deep Learning for Recommender Systems}, 
      author={Heng-Tze Cheng and Levent Koc and Jeremiah Harmsen and Tal Shaked and Tushar Chandra and Hrishi Aradhye and Glen Anderson and Greg Corrado and Wei Chai and Mustafa Ispir and Rohan Anil and Zakaria Haque and Lichan Hong and Vihan Jain and Xiaobing Liu and Hemal Shah},
      year={2016},
      eprint={1606.07792},
      archivePrefix={arXiv},
      primaryClass={cs.LG},
      keywords = {eng_summary}
}

@article{hybrid_recsys_models,
  title={Hybrid recommender systems: Survey and experiments},
  author={Burke, Robin},
  journal={User modeling and user-adapted interaction},
  volume={12},
  pages={331--370},
  year={2002},
  publisher={Springer}
}

@article{hybrid_recsys_literature_overview,
  title={Hybrid recommender systems: A systematic literature review},
  author={Çano, Erion and Morisio, Maurizio},
  journal={Intelligent Data Analysis},
  volume={21},
  number={6},
  pages={1487--1524},
  year={2017},
  publisher={IOS Press}
}

@phdthesis{coldstart_cf,
  title={Cold-start collaborative filtering},
  author={Zhao, Xiaoxue},
  year={2016},
  school={UCL (University College London)},
  url = {https://discovery.ucl.ac.uk/id/eprint/1474118/}
}

@misc{dataset_size_for_deep_learning,
      title={Revisiting Unreasonable Effectiveness of Data in Deep Learning Era}, 
      author={Chen Sun and Abhinav Shrivastava and Saurabh Singh and Abhinav Gupta},
      year={2017},
      eprint={1707.02968},
      archivePrefix={arXiv},
      primaryClass={cs.CV}
}

@misc{deepconn_github,
    url = {https://github.com/chenchongthu/DeepCoNN},
    title = {DeepCoNN},
    author = {Chong Chen}
}

@inproceedings{explainable_ai_recsys,
  title={Meta decision trees for explainable recommendation systems},
  author={Shulman, Eyal and Wolf, Lior},
  booktitle={Proceedings of the AAAI/ACM Conference on AI, Ethics, and Society},
  pages={365--371},
  year={2020},
  url = {https://dl.acm.org/doi/abs/10.1145/3375627.3375876}
}

@inproceedings{explainable_recsys_autoencoders,
author = {Bellini, Vito and Schiavone, Angelo and Di Noia, Tommaso and Ragone, Azzurra and Di Sciascio, Eugenio},
title = {Knowledge-Aware Autoencoders for Explainable Recommender Systems},
year = {2018},
isbn = {9781450366175},
publisher = {Association for Computing Machinery},
address = {New York, NY, USA},
url = {https://doi.org/10.1145/3270323.3270327},
doi = {10.1145/3270323.3270327},
booktitle = {Proceedings of the 3rd Workshop on Deep Learning for Recommender Systems},
pages = {24–31},
numpages = {8},
keywords = {Deep Learning, Recommender Systems, Explainable Models, Explanation, Autoencoder Neural Networks},
location = {Vancouver, BC, Canada},
series = {DLRS 2018}
}

@misc{youtube_on_recommendations,
url = {https://www.youtube.com/howyoutubeworks/product-features/recommendations/#controls},
author = {YouTube},
title = {Navigating YouTube Video Recommendations}
}

@misc{recsys_baby_lotion_target, title={How target figured out a teen girl was pregnant before her father did}, url={https://www.forbes.com/sites/kashmirhill/2012/02/16/how-target-figured-out-a-teen-girl-was-pregnant-before-her-father-did/}, journal={Forbes}, publisher={Forbes Magazine}, author={Hill, Kashmir}, year={2022}, month={10}} 

@article{recsys_diversity,
  title={Blockbuster culture's next rise or fall: The impact of recommender systems on sales diversity},
  author={Fleder, Daniel and Hosanagar, Kartik},
  journal={Management science},
  volume={55},
  number={5},
  pages={697--712},
  year={2009},
  publisher={INFORMS},
  url = {https://pubsonline.informs.org/doi/abs/10.1287/mnsc.1080.0974}
}

@InProceedings{youtube_randomness,
author="Kirdemir, Baris
and Kready, Joseph
and Mead, Esther
and Hussain, Muhammad Nihal
and Agarwal, Nitin",
editor="Boratto, Ludovico
and Faralli, Stefano
and Marras, Mirko
and Stilo, Giovanni",
title="Examining Video Recommendation Bias on YouTube",
booktitle="Advances in Bias and Fairness in Information Retrieval",
year="2021",
publisher="Springer International Publishing",
address="Cham",
pages="106--116",
isbn="978-3-030-78818-6"
}

@inproceedings{youtube_radicalisation,
  title={Cybernetics and Digital Whiteness: Exposure to Radicalization through Feedback Loops},
  author={Proctor, Devin},
  booktitle={2021 IEEE Conference on Norbert Wiener in the 21st Century (21CW)},
  pages={1--5},
  year={2021},
  organization={IEEE}
}

 @misc{youtube_new_to_you, title={YouTube Rolls Out 'new to you' feed with videos outside of your normal recommendations}, url={https://9to5google.com/2021/10/25/youtube-new-to-you/}, journal={9TO5Google}, author={Li, Abner}, year={2021}, month={10}} 


 @misc{recsys_serendipity_music, title={How are global consumers finding new music?}, url={https://yougov.co.uk/topics/technology/articles-reports/2022/01/04/how-are-global-consumers-finding-new-music}, journal={YouGov}, author={Graeme, Bruce}, year={2022}, month={1}} 


@article{attention_is_all_you_need,
  title={Attention is all you need},
  author={Vaswani, Ashish and Shazeer, Noam and Parmar, Niki and Uszkoreit, Jakob and Jones, Llion and Gomez, Aidan N and Kaiser, {\L}ukasz and Polosukhin, Illia},
  journal={Advances in neural information processing systems},
  volume={30},
  year={2017}
}

@misc{openai_chatgpt,
    title={Introducing ChatGPT},
    url={https://openai.com/blog/chatgpt},
    publisher={OpenAI},
    year={2022},
    month={11},
    day={30}
}

@misc{BERT_paper,
      title={BERT: Pre-training of Deep Bidirectional Transformers for Language Understanding}, 
      author={Jacob Devlin and Ming-Wei Chang and Kenton Lee and Kristina Toutanova},
      year={2019},
      eprint={1810.04805},
      archivePrefix={arXiv},
      primaryClass={cs.CL}
}

@misc{tokenization_basics,
    title={What is Tokenization in NLP? Here’s All You Need To Know},
    url={https://www.analyticsvidhya.com/blog/2020/05/what-is-tokenization-nlp/},
    publisher={Analytics Vidhya},
    author={Pai, Aravindpai},
    year={2022},
    month={5},
    day={26}
}

@mastersthesis{masterthesis_nlp_italie, % TODO: check dat Arnoud deze bron zeker vermeld!
  title={Hybrid Movie Recommender System},
  author={Giovanni Cioffi},
  year={2022},
  month={4},
  school={Politecnico di Torino},
  url = {https://webthesis.biblio.polito.it/22582/1/tesi.pdf}
}


@misc{wisdom_stopwords,
    title={What are Stop words in NLP and Why we should remove them?},
    url={https://wisdomml.in/what-are-stopwords-in-nlp-and-why-we-should-remove-them/},
    publisher={Wisdom ML},
    author={wisdomml},
    year={2022},
    month={8},
    day={5}
}

@misc{medium_stopwords,
    title={Why is removing stop words not always a good idea},
    url={https://medium.com/@limavallantin/why-is-removing-stop-words-not-always-a-good-idea-c8d35bd77214},
    publisher={Medium},
    author={Wilame},
    year={2019},
    month={1},
    day={22}
}

@misc{opinosis_stopwords,
    title={What are Stop Words?},
    url={https://www.opinosis-analytics.com/knowledge-base/stop-words-explained/},
    publisher={Opinosis Analytics},
    author={Kavita Ganesan}
}

@inproceedings{paper_stopwords,
author = {Ladani, Dhara and Desai, Nikita},
year = {2020},
month = {03},
pages = {466-472},
title = {Stopword Identification and Removal Techniques on TC and IR applications: A Survey},
doi = {10.1109/ICACCS48705.2020.9074166}
}

@misc{sentence_transformers_implementation,
    title={SentenceTransformers Documentation},
    url={https://www.sbert.net/},
    author={Reimers, Nils}
}

@article{bertopic_paper,
  title={BERTopic: Neural topic modeling with a class-based TF-IDF procedure},
  author={Grootendorst, Maarten},
  journal={arXiv preprint arXiv:2203.05794},
  year={2022}
}

@article{bertopic_paper_eng_summary,
  title={BERTopic: Neural topic modeling with a class-based TF-IDF procedure},
  author={Grootendorst, Maarten},
  journal={arXiv preprint arXiv:2203.05794},
  year={2022},
  keywords={eng_summary}
}

@misc{bertopic_homepage,
    title={BERTopic},
    url={https://maartengr.github.io/BERTopic/index.html},
    author={Grootendorst, Maarten}
}

@misc{bertopic_guided,
    title={BERTopic},
    url={https://maartengr.github.io/BERTopic/getting_started/guided/guided.html},
    author={Grootendorst, Maarten}
}

@unpublished{spacy_main,
    AUTHOR = {Honnibal, Matthew and Montani, Ines},
    TITLE  = {{spaCy 2}: Natural language understanding with {B}loom embeddings, convolutional neural networks and incremental parsing},
    YEAR   = {2017},
    Note   = {To appear},
    url = {https://spacy.io/}
}


@misc{bertopic_algo,
    title={BERTopic - The Algorithm},
    url={https://maartengr.github.io/BERTopic/algorithm/algorithm.html},
    author={Grootendorst, Maarten}
}

@misc{bertopic_c_tf_idf,
    title={BERTopic - c-TF-IDF},
    url={https://maartengr.github.io/BERTopic/getting_started/ctfidf/ctfidf.html},
    author={Grootendorst, Maarten}
}

@misc{bertopic_c_tf_idf_eng_summary,
    title={BERTopic - c-TF-IDF},
    url={https://maartengr.github.io/BERTopic/getting_started/ctfidf/ctfidf.html},
    author={Grootendorst, Maarten},
    keywords = {eng_summary}
}


@misc{keybert,
    title={KeyBERT},
    url={https://github.com/MaartenGr/KeyBERT},
    author={Grootendorst, Maarten}
}

@misc{keybert_eng_summary,
    title={KeyBERT},
    url={https://github.com/MaartenGr/KeyBERT},
    author={Grootendorst, Maarten},
    keywords={eng_summary}
}

@misc{bertopic_keybert,
    title={BERTopic - (Optional) Representation: KeyBERTInspired},
    url={https://maartengr.github.io/BERTopic/getting_started/representation/representation.html#keybertinspired},
    author={Grootendorst, Maarten}
}

@inproceedings{sentence_bert_eng_summary,
  title = {Sentence-BERT: Sentence Embeddings using Siamese BERT-Networks},
  author = {Reimers, Nils and Gurevych, Iryna},
  booktitle = {Proceedings of the 2019 Conference on Empirical Methods in Natural Language Processing},
  month = {11},
  year = {2019},
  publisher = {Association for Computational Linguistics},
  url = {https://arxiv.org/abs/1908.10084},
  keywords={eng_summary}
}

@inproceedings{sentence_bert,
  title = {Sentence-BERT: Sentence Embeddings using Siamese BERT-Networks},
  author = {Reimers, Nils and Gurevych, Iryna},
  booktitle = {Proceedings of the 2019 Conference on Empirical Methods in Natural Language Processing},
  month = {11},
  year = {2019},
  publisher = {Association for Computational Linguistics},
  url = {https://arxiv.org/abs/1908.10084}
}

@inproceedings{paper_umap,
    author={Allaoui, Mebarka and Kherfi, Mohammed Lamine and Cheriet, Abdelhakim},
    title={Considerably Improving Clustering Algorithms Using UMAP Dimensionality Reduction Technique: A Comparative Study},
    booktitle={Image and Signal Processing},
    year={2020},
    publisher={Springer International Publishing}
}


@inproceedings{paper_pca,
author = {Ding, Chris and He, Xiaofeng},
title = {K-Means Clustering via Principal Component Analysis},
year = {2004},
isbn = {1581138385},
publisher = {Association for Computing Machinery},
address = {New York, NY, USA},
url = {https://doi.org/10.1145/1015330.1015408},
doi = {10.1145/1015330.1015408},
booktitle = {Proceedings of the Twenty-First International Conference on Machine Learning},
pages = {29},
location = {Banff, Alberta, Canada},
series = {ICML '04}
}


@article{curse_of_dim,
  title={Clustering high dimensional data},
  author={Assent, Ira},
  journal={Wiley Interdisciplinary Reviews: Data Mining and Knowledge Discovery},
  volume={2},
  number={4},
  pages={340--350},
  year={2012},
  publisher={Wiley Online Library}
}

@article{curse_of_dim_eng_summary,
  title={Clustering high dimensional data},
  author={Assent, Ira},
  journal={Wiley Interdisciplinary Reviews: Data Mining and Knowledge Discovery},
  volume={2},
  number={4},
  pages={340--350},
  year={2012},
  publisher={Wiley Online Library},
  keywords={eng_summary}
}

@inproceedings{high_dim_problem,
  title={On the surprising behavior of distance metrics in high dimensional space},
  author={Aggarwal, Charu C and Hinneburg, Alexander and Keim, Daniel A},
  booktitle={Database Theory—ICDT 2001: 8th International Conference London, UK, January 4--6, 2001 Proceedings 8},
  pages={420--434},
  year={2001},
  organization={Springer}
}

@article{dim_reduction_summary,
  title={A review on dimensionality reduction techniques},
  author={Huang, Xuan and Wu, Lei and Ye, Yinsong},
  journal={International Journal of Pattern Recognition and Artificial Intelligence},
  volume={33},
  number={10},
  pages={1950017},
  year={2019},
  publisher={World Scientific}
}

@article{dim_reduction_options,
  title={A survey of dimensionality reduction techniques},
  author={Sorzano, Carlos Oscar S{\'a}nchez and Vargas, Javier and Montano, A Pascual},
  journal={arXiv preprint arXiv:1403.2877},
  year={2014}
}

@INPROCEEDINGS{clustering_types_of,
  author={Nisha and Puneet Jai Kaur},
  booktitle={2015 2nd International Conference on Computing for Sustainable Global Development (INDIACom)}, 
  title={A survey of clustering techniques and algorithms}, 
  year={2015},
  volume={},
  number={},
  pages={304-307},
  doi={}
}

@ARTICLE{clustering_hierarch_image,
  author={Giacoumidis, Elias and Matin, Amir and Wei, Jinlong and Doran, Nick J. and Barry, Liam P. and Wang, Xu},
  journal={Journal of Lightwave Technology}, 
  title={Blind Nonlinearity Equalization by Machine-Learning-Based Clustering for Single- and Multichannel Coherent Optical OFDM}, 
  year={2018},
  volume={36},
  number={3},
  pages={721-727},
  doi={10.1109/JLT.2017.2778883}
}

@inproceedings{kmeans_minibatch,
  title={Web-scale k-means clustering},
  author={Sculley, David},
  booktitle={Proceedings of the 19th international conference on World wide web},
  pages={1177--1178},
  year={2010}
}

@inproceedings{kmeans_minibatch_eng_summary,
  title={Web-scale k-means clustering},
  author={Sculley, David},
  booktitle={Proceedings of the 19th international conference on World wide web},
  pages={1177--1178},
  year={2010},
  keywords = {eng_summary}
}




@article{kmeans_supervised,
  title={Adapting k-means for supervised clustering},
  author={Al-Harbi, Sami H and Rayward-Smith, Victor J},
  journal={Applied Intelligence},
  volume={24},
  number={3},
  pages={219},
  year={2006},
  publisher={Springer Nature BV}
}

@inproceedings{paper_kmeans,
  title={Classification and analysis of multivariate observations},
  author={MacQueen, J},
  booktitle={5th Berkeley Symp. Math. Statist. Probability},
  pages={281--297},
  year={1967},
  organization={University of California Los Angeles LA USA}
}


@article{hdbscan_paper,
  title={hdbscan: Hierarchical density based clustering.},
  author={McInnes, Leland and Healy, John and Astels, Steve},
  journal={J. Open Source Softw.},
  volume={2},
  number={11},
  pages={205},
  year={2017}
}



@misc{bag_of_words_blog,
    title={An Introduction to Bag of Words (BoW) | What is Bag of Words?},
    url={https://www.mygreatlearning.com/blog/bag-of-words/},
    publisher={Great Learning}
}


@article{rnn_for_nlp,
  title={Survey on recurrent neural network in natural language processing},
  author={Tarwani, Kanchan M and Edem, Swathi},
  journal={Int. J. Eng. Trends Technol},
  volume={48},
  number={6},
  pages={301--304},
  year={2017}
}

@misc{transformers_datacamp,
    title={An Introduction to Using Transformers and Hugging Face},
    url={https://www.datacamp.com/tutorial/an-introduction-to-using-transformers-and-hugging-face},
    publisher={Datacamp}
}

@misc{transformers_knoldus,
    title={What Are Transformers In NLP And It’s Advantages},
    url={https://blog.knoldus.com/what-are-transformers-in-nlp-and-its-advantages/},
    publisher={Knóldus}
}

@article{lstm_paper,
  title={Long short-term memory},
  author={Hochreiter, Sepp and Schmidhuber, J{\"u}rgen},
  journal={Neural computation},
  volume={9},
  number={8},
  pages={1735--1780},
  year={1997},
  publisher={MIT press}
}

@article{gated_rnn_paper,
  title={Empirical evaluation of gated recurrent neural networks on sequence modeling},
  author={Chung, Junyoung and Gulcehre, Caglar and Cho, KyungHyun and Bengio, Yoshua},
  journal={arXiv preprint arXiv:1412.3555},
  year={2014}
}

@misc{transfer_learning_basic,
    title={transfer learning},
    url={https://www.techtarget.com/searchcio/definition/transfer-learning},
    author={Ben Cole},
    publisher={TechTarget}
}

@misc{bert_llm_basic,
    title={BERT language model},
    url={https://www.techtarget.com/searchenterpriseai/definition/BERT-language-model},
    author={Ben Lutkevich},
    publisher={TechTarget}
}

@article{lda_paper,
  title={Latent dirichlet allocation},
  author={Blei, David M and Ng, Andrew Y and Jordan, Michael I},
  journal={Journal of machine Learning research},
  volume={3},
  number={Jan},
  pages={993--1022},
  year={2003}
}

@inproceedings{sentiment_transformer_paper,
  title={Comparative analysis of different transformer based architectures used in sentiment analysis},
  author={Pipalia, Keval and Bhadja, Rahul and Shukla, Madhu},
  booktitle={2020 9th International Conference System Modeling and Advancement in Research Trends (SMART)},
  pages={411--415},
  year={2020},
  organization={IEEE}
}

@inproceedings{sentiment_transformer_paper_eng_summary,
  title={Comparative analysis of different transformer based architectures used in sentiment analysis},
  author={Pipalia, Keval and Bhadja, Rahul and Shukla, Madhu},
  booktitle={2020 9th International Conference System Modeling and Advancement in Research Trends (SMART)},
  pages={411--415},
  year={2020},
  organization={IEEE},
  keywords={eng_summary}
}

@INPROCEEDINGS{sentiment_older_paper,
  author={Shivaprasad, T. K. and Shetty, Jyothi},
  booktitle={2017 International Conference on Inventive Communication and Computational Technologies (ICICCT)}, 
  title={Sentiment analysis of product reviews: A review}, 
  year={2017},
  volume={},
  number={},
  pages={298-301},
  doi={10.1109/ICICCT.2017.7975207}
}

@article{paper_emotions,
  title={Current state of text sentiment analysis from opinion to emotion mining},
  author={Yadollahi, Ali and Shahraki, Ameneh Gholipour and Zaiane, Osmar R},
  journal={ACM Computing Surveys (CSUR)},
  volume={50},
  number={2},
  pages={1--33},
  year={2017},
  publisher={ACM New York, NY, USA}
}

@misc{what_is_nlp,
    title={What is natural language processing (NLP)?},
    url={https://www.ibm.com/topics/natural-language-processing},
    publisher={IBM}
}

@misc{nlp_use_cases,
    title={The Most Popular NLP Use Cases},
    url={https://www.inbenta.com/en/blog/nlp-use-cases/},
    author={Inbenta Team},
    publisher={Inbenta},
    year = {2022},
    month = {11},
}

@misc{eval_metrics,
    title={7 Evaluation Metrics for Clustering Algorithms},
    url={https://towardsdatascience.com/7-evaluation-metrics-for-clustering-algorithms-bdc537ff54d2},
    author={Kay Jan Wong},
    year = {2022},
    month = {12},
    publisher={Towards Data Science}
}

@misc{bias_lenskit,
    title={Bias},
    url={https://lkpy.readthedocs.io/en/stable/bias.html},
    publisher={LensKit}
}


@misc{eval_metrics_scikit,
    title={Clustering performance evaluation},
    url={https://scikit-learn.org/stable/modules/clustering.html#clustering-performance-evaluation},
    publisher={scikit-learn}
}

@inproceedings{sse_with_kmeans,
  title={Improved the performance of the K-means cluster using the sum of squared error (SSE) optimized by using the Elbow method},
  author={Nainggolan, Rena and Perangin-angin, Resianta and Simarmata, Emma and Tarigan, Astuti Feriani},
  booktitle={Journal of Physics: Conference Series},
  volume={1361},
  number={1},
  pages={012015},
  year={2019},
  organization={IOP Publishing}
}

@misc{silhoutte_score,
    title={Silhouette Coefficient | Validating clustering techniques},
    url={https://towardsdatascience.com/silhouette-coefficient-validating-clustering-techniques-e976bb81d10c},
    author={Ashutosh Bhardwaj},
    year = {2020},
    month = {5},
    publisher={Towards Data Science}
}

@article{silhoutte_score_paper,
  title={Silhouettes: a graphical aid to the interpretation and validation of cluster analysis},
  author={Rousseeuw, Peter J},
  journal={Journal of computational and applied mathematics},
  volume={20},
  pages={53--65},
  year={1987},
  publisher={Elsevier}
}

@article{calinski_paper,
  title={A dendrite method for cluster analysis},
  author={Cali{\'n}ski, Tadeusz and Harabasz, Jerzy},
  journal={Communications in Statistics-theory and Methods},
  volume={3},
  number={1},
  pages={1--27},
  year={1974},
  publisher={Taylor \& Francis}
}

@article{davies_bouldin_paper,
  title={A cluster separation measure},
  author={Davies, David L and Bouldin, Donald W},
  journal={IEEE transactions on pattern analysis and machine intelligence},
  number={2},
  pages={224--227},
  year={1979},
  publisher={IEEE}
}

@article{dunn_paper,
  title={Well-separated clusters and optimal fuzzy partitions},
  author={Dunn, Joseph C},
  journal={Journal of cybernetics},
  volume={4},
  number={1},
  pages={95--104},
  year={1974},
  publisher={Taylor \& Francis}
}

@article{clustering_comparing_partitions,
  title={Comparing partitions},
  author={Hubert, Lawrence and Arabie, Phipps},
  journal={Journal of classification},
  volume={2},
  pages={193--218},
  year={1985},
  publisher={Springer}
}

@incollection{pytorch,
title = {PyTorch: An Imperative Style, High-Performance Deep Learning Library},
author = {Paszke, Adam and Gross, Sam and Massa, Francisco and Lerer, Adam and Bradbury, James and Chanan, Gregory and Killeen, Trevor and Lin, Zeming and Gimelshein, Natalia and Antiga, Luca and Desmaison, Alban and Kopf, Andreas and Yang, Edward and DeVito, Zachary and Raison, Martin and Tejani, Alykhan and Chilamkurthy, Sasank and Steiner, Benoit and Fang, Lu and Bai, Junjie and Chintala, Soumith},
booktitle = {Advances in Neural Information Processing Systems 32},
pages = {8024--8035},
year = {2019},
publisher = {Curran Associates, Inc.},
url = {http://papers.neurips.cc/paper/9015-pytorch-an-imperative-style-high-performance-deep-learning-library.pdf}
}

@article{incremental_pca,
  title={Incremental learning for robust visual tracking. Internat. J},
  author={Ross, D and Lim, J and Lin, RS and Yang, MH},
  journal={Computer Vision},
  volume={25},
  number={8},
  pages={1034--1040},
  year={2008}
}

@article{ipca_eng_summary,
  title={Incremental learning for robust visual tracking. Internat. J},
  author={Ross, D and Lim, J and Lin, RS and Yang, MH},
  journal={Computer Vision},
  volume={25},
  number={8},
  pages={1034--1040},
  year={2008},
  keywords={eng_summary}
}

@book{ml_textbook,
  title={Machine learning},
  author={Zhou, Zhi-Hua},
  year={2021},
  publisher={Springer Nature}
}

@article{overfitting_underfitting,
  title={Overfitting vs. underfitting: A complete example},
  author={Koehrsen, Will},
  journal={Towards Data Science},
  pages={1--12},
  year={2018}
}

@article{overfitting_img,
    title={Amazon Machine Learning},
    author={Amazon Web Services},
    year={2016},
    month={8},
    url={https://docs.aws.amazon.com/pdfs/machine-learning/latest/dg/machinelearning-dg.pdf#model-fit-underfitting-vs-overfitting}
}

@book{feature_engineering_ml,
  title={Feature engineering for machine learning and data analytics},
  author={Dong, Guozhu and Liu, Huan},
  year={2018},
  publisher={CRC Press}
}

@article{chatgpt_voorbeeld_transformers_arno,
  title={Summary of chatgpt/gpt-4 research and perspective towards the future of large language models},
  author={Liu, Yiheng and Han, Tianle and Ma, Siyuan and Zhang, Jiayue and Yang, Yuanyuan and Tian, Jiaming and He, Hao and Li, Antong and He, Mengshen and Liu, Zhengliang and others},
  journal={arXiv preprint arXiv:2304.01852},
  year={2023}
}

@misc{stable_diffusion,
      title={High-Resolution Image Synthesis with Latent Diffusion Models}, 
      author={Robin Rombach and Andreas Blattmann and Dominik Lorenz and Patrick Esser and Björn Ommer},
      year={2021},
      eprint={2112.10752},
      archivePrefix={arXiv},
      primaryClass={cs.CV}
}

@article{nn_dropout,
author = {Srivastava, Nitish and Hinton, Geoffrey and Krizhevsky, Alex and Sutskever, Ilya and Salakhutdinov, Ruslan},
title = {Dropout: A Simple Way to Prevent Neural Networks from Overfitting},
year = {2014},
issue_date = {January 2014},
publisher = {JMLR.org},
volume = {15},
number = {1},
issn = {1532-4435},
journal = {J. Mach. Learn. Res.},
month = {1},
pages = {1929–1958},
numpages = {30},
keywords = {neural networks, model combination, deep learning, regularization}
}

@article{SGD_paper,
  title={A Stochastic Approximation Method},
  author={Herbert E. Robbins},
  journal={Annals of Mathematical Statistics},
  year={1951},
  volume={22},
  pages={400-407}
}

@article{adam_paper,
  title={Adam: A method for stochastic optimization},
  author={Kingma, Diederik P and Ba, Jimmy},
  journal={arXiv preprint arXiv:1412.6980},
  year={2014},
  url = {https://arxiv.org/abs/1412.6980}
}

@misc{sgd_img, title={Stochastic vs batch gradient descent}, url={https://medium.com/@divakar_239/stochastic-vs-batch-gradient-descent-8820568eada1}, journal={Stochastic vs Batch Gradient Descent}, publisher={Medium}, author={Kapil, Divakar}, year={2019}, month={1}}

@article{multilayer_perceptron_model_cursus,
  title={Multilayer perceptron (MLP)},
  author={Taud, Hind and Mas, JF},
  journal={Geomatic approaches for modeling land change scenarios},
  pages={451--455},
  year={2018},
  publisher={Springer}
}

@article{adagrad_paper,
  title={Adaptive subgradient methods for online learning and stochastic optimization.},
  author={Duchi, John and Hazan, Elad and Singer, Yoram},
  journal={Journal of machine learning research},
  volume={12},
  number={7},
  year={2011}
}